
@misc{altenburger_lexikon_nodate,
	title = {Lexikon der {Wehrmacht}},
	url = {https://www.lexikon-der-wehrmacht.de/Gliederungen/Infanteriedivisionen/205ID.htm},
	urldate = {2023-01-15},
	author = {Altenburger, Andreas},
	file = {Lexikon der Wehrmacht:/Users/svenburkhardt/Zotero/storage/XF9LQM6Z/205ID.html:text/html},
}

@misc{altenburger_landesschutzen-regimenter_nodate,
	title = {Landesschützen-{Regimenter} - {Lexikon} der {Wehrmacht}},
	shorttitle = {Landesschützen-{Regimenter}},
	url = {https://www.lexikon-der-wehrmacht.de/Gliederungen/LandschtzReg/Gliederung.htm},
	urldate = {2023-01-15},
	collaborator = {Altenburger, Andreas},
	file = {Landesschützen-Regimenter - Lexikon der Wehrmacht:/Users/svenburkhardt/Zotero/storage/4SS4QGW6/Gliederung.html:text/html},
}

@misc{altenburger_16_nodate,
	title = {16. {Infanteriedivision} - {Lexikon} der {Wehrmacht}},
	shorttitle = {16. {Infanteriedivision}},
	url = {https://www.lexikon-der-wehrmacht.de/Gliederungen/Infanteriedivisionen/16ID-R.htm},
	urldate = {2023-01-15},
	collaborator = {Altenburger, Andreas},
	file = {16. Infanteriedivision - Lexikon der Wehrmacht:/Users/svenburkhardt/Zotero/storage/X79QDDRX/16ID-R.html:text/html},
}

@misc{hollmann_bundesarchiv_nodate,
	title = {Bundesarchiv},
	url = {https://invenio.bundesarchiv.de/invenio/direktlink/baf68f4e-3b52-4804-9188-b4a25b8e0da6/},
	urldate = {2023-01-15},
	collaborator = {Hollmann, Prof. Dr. Michael},
	file = {invenio:/Users/svenburkhardt/Zotero/storage/XECGUTLD/main.html:text/html},
}

@misc{altenburger_landesschutzen-regimenter_nodate-1,
	title = {Landesschützen-{Regimenter} - {Lexikon} der {Wehrmacht}},
	shorttitle = {Landesschützen-{Regimenter}},
	url = {https://www.lexikon-der-wehrmacht.de/Gliederungen/LandschtzReg/Gliederung.htm},
	urldate = {2023-01-15},
	collaborator = {Altenburger, Andreas},
	file = {Landesschützen-Regimenter - Lexikon der Wehrmacht:/Users/svenburkhardt/Zotero/storage/PAT3VXWT/Gliederung.html:text/html},
}

@misc{altenburger_lagekarte_1944,
	title = {Lagekarte 2. {Kompanie} {Sturm}-{Pionier}-{Bataillon} 178 unter 78. {Infanterie}-{Division}},
	shorttitle = {Lagekarte 78. {Infanterie}-{Division}},
	url = {https://www.lexikon-der-wehrmacht.de/Gliederungen/Korps/Karte/XXVII0344.jpg},
	urldate = {2023-01-15},
	collaborator = {Altenburger, Andreas},
	month = mar,
	year = {1944},
	file = {XXVII0344.jpg 2.365×1.969 Pixel:/Users/svenburkhardt/Zotero/storage/26FGF6XY/XXVII0344.jpg:image/jpeg},
}

@misc{altenburger_lagekarte_1944-1,
	title = {Lagekarte {Stab} oder 1.-4. {Kompanie} {Feldersatz}-{Bataillon}  205.},
	shorttitle = {Lagekarte {Feldersatz}-{Bataillon}  205.},
	url = {https://www.lexikon-der-wehrmacht.de/Gliederungen/Korps/Karte/I0544.jpg},
	urldate = {2023-01-15},
	collaborator = {Altenburger, Andreas},
	month = mar,
	year = {1944},
	file = {I0544.jpg 2.230×1.990 Pixel:/Users/svenburkhardt/Zotero/storage/JWBPUW8N/I0544.jpg:image/jpeg},
}

@misc{altenburger_feldpostnummer_nodate,
	title = {Feldpostnummer 10780 - 10789 - {Lexikon} der {Wehrmacht}},
	url = {https://www.lexikon-der-wehrmacht.de/Feldpostnummern/10000/10000/1078-R.htm},
	urldate = {2023-01-15},
	collaborator = {Altenburger, Andreas},
	file = {Feldpostnummer 10780 - 10789 - Lexikon der Wehrmacht:/Users/svenburkhardt/Zotero/storage/47HIEYQW/1078-R.html:text/html},
}

@misc{noauthor_louisenberg_2022,
	title = {Louisenberg ({Eckernförde})},
	copyright = {Creative Commons Attribution-ShareAlike License},
	url = {https://de.wikipedia.org/w/index.php?title=Louisenberg_(Eckernf%C3%B6rde)&oldid=220107667},
	abstract = {Louisenberg (auch: Luisenberg, dänisch auch: Louisebjerg) ist eine an der Eckernförder Bucht gelegene Ortschaft in Schleswig-Holstein, die nach mehreren Teileingemeindungen heute fast vollständig zu Eckernförde gehört.
Mit einer „regulären“ Wohnbevölkerung von unter 100 gehört der Ort zu den kleinsten Stadtteilen von Eckernförde. In Louisenberg befindet sich die Eckernförder Marine-Kaserne „Nord“ und der Marinehafen des Marinestützpunktes Eckernförde („Kranzfelder Hafen“, nach Alfred Kranzfelder benannt, von Arnold Agatz konzipiert) – ein Tiefseehafen, in dem seit dem 13. Februar 2006 sämtliche U-Boote der Deutschen Marine sowie weitere Einheiten der Marine und der Wehrtechnischen Dienststelle für Schiffe und Marinewaffen, Maritime Technologie und Forschung stationiert sind.},
	language = {de},
	urldate = {2023-01-15},
	journal = {Wikipedia},
	month = feb,
	year = {2022},
	note = {Page Version ID: 220107667},
	file = {Snapshot:/Users/svenburkhardt/Zotero/storage/9FI8FUPU/Louisenberg_(Eckernförde).html:text/html},
}

@misc{hollmann_bundesarchiv_nodate-1,
	title = {Bundesarchiv {Internet} - {Militärische} {Verbände} und {Einheiten} bis 1945},
	shorttitle = {Militärische {Verbände} und {Einheiten} bis 1945},
	url = {https://www.bundesarchiv.de/DE/Content/Artikel/Benutzen/Hinweise-zur-Benutzung/Unterseiten-Militaer/Militaerische-Verbaende-und-Einheiten/benutzen-speziell-milit-verbaende-einheiten-tessin.html},
	collaborator = {Hollmann, Prof. Dr. Michael},
}

@misc{hollmann_bundesarchiv_nodate-2,
	title = {Bundesarchiv {Internet} - {Militärische} {Verbände} und {Einheiten} bis 1945},
	shorttitle = {Militärische {Verbände} und {Einheiten} bis 1945},
	url = {https://www.bundesarchiv.de/DE/Content/Artikel/Benutzen/Hinweise-zur-Benutzung/Unterseiten-Militaer/Militaerische-Verbaende-und-Einheiten/benutzen-speziell-milit-verbaende-einheiten-tessin.html},
	urldate = {2023-01-15},
	collaborator = {Hollmann, Prof. Dr. Michael},
	file = {Bundesarchiv Internet - Militärische Verbände und Einheiten bis 1945:/Users/svenburkhardt/Zotero/storage/2FZJTPKE/benutzen-speziell-milit-verbaende-einheiten-tessin.html:text/html},
}

@misc{altenburger_lagekarte_1944-2,
	title = {Lagekarte 78. {Infanterie}-{Division}},
	url = {https://www.lexikon-der-wehrmacht.de/Gliederungen/Korps/Karte/XXVII0344.jpg},
	urldate = {2023-01-15},
	collaborator = {Altenburger, Andreas},
	month = mar,
	year = {1944},
	file = {XXVII0344.jpg 2.365×1.969 Pixel:/Users/svenburkhardt/Zotero/storage/IQ8I33IA/XXVII0344.jpg:image/jpeg},
}

@misc{altenburger_78_nodate,
	title = {78. {Infanterie}-{Division}},
	url = {https://www.lexikon-der-wehrmacht.de/Gliederungen/Infanteriedivisionen/78ID-R.htm},
	urldate = {2023-01-15},
	collaborator = {Altenburger, Andreas},
	file = {78:/Users/svenburkhardt/Zotero/storage/EFJKR4PN/78ID-R.html:text/html},
}

@book{rass_deutsche_2009,
	address = {Aachen},
	title = {Deutsche {Soldaten} 1939-1945 {Handbuch} einer biographischen {Datenbank} zu {Mannschaften} und {Unteroffizieren} von {Heer}, {Luftwaffe} und {Waffen}-{SS}},
	shorttitle = {eutsche {Soldaten} 1939-1945},
	author = {Rass, Christoph and Rohrkamp, René},
	year = {2009},
}

@book{tessin_verbande_1977,
	address = {Osnabrück},
	title = {Verbände und {Truppen} der deutschen {Wehrmacht} und {Waffen}-{SS} im {Zweiten} {Weltkrieg} 1939-1945},
	volume = {Band 1 - Die Waffengattungen — Gesamtübersicht},
	shorttitle = {Verbände und {Truppen}},
	publisher = {HIBLIO Verlag},
	author = {Tessin, Georg},
	year = {1977},
}

@book{hartmann_wehrmacht_2010,
	address = {München},
	edition = {2. Auflage},
	series = {Quellen und {Darstellungen} zur {Zeitgeschichte} {Herausgegeben} vom {Institut} für {Zeitgeschichte}},
	title = {Wehrmacht im {Ostkrieg} -  {Front} und militärisches {Hinterland} 1941/42},
	volume = {75},
	shorttitle = {Wehrmacht im {Ostkrieg}},
	publisher = {R. Oldenbourg Verlag},
	author = {Hartmann, Christian},
	year = {2010},
}

@book{gamper_knoten_2015,
	title = {Knoten und {Kanten} {III}: {Soziale} {Netzwerkanalyse} in {Geschichts}- und {Politikforschung}},
	copyright = {De Gruyter expressly reserves the right to use all content for commercial text and data mining within the meaning of Section 44b of the German Copyright Act.},
	isbn = {978-3-8394-2742-2},
	shorttitle = {Knoten und {Kanten} {III}},
	url = {https://www.degruyter.com/document/doi/10.1515/9783839427422/html},
	abstract = {Soziale Beziehungen und die daraus entstehenden Netzwerke sind eine Konstante der Menschheitsgeschichte, die sozialen wie auch politischen Wandel ermöglicht. So ist der »Arabische Frühling« ohne die Berücksichtigung von Zusammenschlüssen sozialer Einheiten nicht vorstellbar. Die relationale Wissenschaft legt ihren Fokus auf solche Beziehungsstrukturen. »Knoten und Kanten III« zeigt theoretische und methodische Zugänge der Netzwerkanalyse in politischen sowie in historischen Forschungsfeldern. Die Beiträge beleuchten beispielsweise Anwendungen in der Altertumsforschung, neuzeitliche Gläubiger- und Schuldner-Beziehungen, Unterstützungsnetzwerke von Juden im Dritten Reich sowie interne Vernetzungen von Parteien und Koalitionen.},
	language = {de},
	urldate = {2025-01-14},
	publisher = {transcript Verlag},
	author = {Gamper, Markus and Reschke, Linda},
	editor = {Düring, Martin},
	month = apr,
	year = {2015},
	doi = {10.1515/9783839427422},
	keywords = {History, Ancient World, Biographic Research, Contemporary History, Policy Analysis, Political Sociology, Politics, Qualitative Social Research, Social Network Analysis, Social Relations, Society, Sociological Theory, Sociology},
	file = {Full Text PDF:/Users/svenburkhardt/Zotero/storage/3FLAS3W6/2015 - Knoten und Kanten III Soziale Netzwerkanalyse in Geschichts- und Politikforschung.pdf:application/pdf},
}

@book{richard_linking_2022,
	title = {Linking {Knowledge}. {Linked} {Open} {Data} for {Knowledge} {Organization} and {Visualization}},
	shorttitle = {Linking {Knowledge}},
	url = {https://zenodo.org/records/6513663},
	abstract = {The growth and population of the Semantic Web, especially the Linked Open Data (LOD) Cloud, has brought to the fore the challenges of ordering knowledge for data mining on an unprecedented scale.The LOD Cloud is structured from billions of elements of knowledge and pointers to knowledge organization systems (KOSs) such as ontologies, taxonomies, typologies, thesauri, etc. The variant and heterogeneous knowledge areas that comprise the social sciences and humanities (SSH), including cultural heritage applications are bringing multi-dimensional richness to the LOD Cloud. Each such application arrives with its own challenges regarding KOSs in the Cloud. With contributions by Sören Auer, Gerard Coen, Kathleen Gregory, Mohamad Yaser Jaradeh, Daniel Martínez Ávila, Philipp Mayr, Allard Oelen, Cristina Pattuelli, Tobias Renwick, Andrea Scharnhorst, Ronald Siebes, Aida Slavic, Richard P Smiraglia, Markus Stocker, Rick Szostak, Marnix van Berchum, Charles van den Heuvel, J. Bradford Young, Veruska Zamborlini and Marcia Zeng.},
	urldate = {2025-01-14},
	publisher = {Zenodo},
	author = {Richard, Smiraglia and Andrea, Scharnhorst},
	month = may,
	year = {2022},
	doi = {10.5771/9783956506611},
	note = {Version Number: editorsversion, prior to publication},
	keywords = {digital humanities, information science, interdisciplinary, knowledge organisation, science of science, semantic artefacts, semantic web},
	file = {Full Text PDF:/Users/svenburkhardt/Zotero/storage/JVGWKICC/Richard und Andrea - 2022 - Linking Knowledge. Linked Open Data for Knowledge Organization and Visualization.pdf:application/pdf},
}

@book{debellis_practical_2021,
	title = {A {Practical} {Guide} to {Building} {OWL} {Ontologies} {Using} {Protégé} 5.5 and {Plugins}},
	shorttitle = {Building {OWL} {Ontologies}},
	abstract = {This is an updated version of the Pizza tutorial by Horridge et. al. For more details and supporting files see: https://www.michaeldebellis.com/post/new-protege-pizza-tutorial},
	author = {Debellis, Michael},
	month = apr,
	year = {2021},
}

@misc{burkhardt_arcgis_2022,
	title = {{ArcGIS} {StoryMaps}},
	copyright = {Sven Burkhardt},
	shorttitle = {Feldpost {Storymaps}},
	url = {https://storymaps.arcgis.com},
	abstract = {Nutzen Sie das Potenzial von Karten, um Storys zu erzählen, die es wert sind. ArcGIS StoryMaps bietet alles, was Sie zur Erstellung von faszinierenden Storys benötigen, mit denen Sie Ihren Karten Bedeutung verleihen können.},
	language = {de},
	urldate = {2025-03-12},
	journal = {ArcGIS StoryMaps},
	author = {Burkhardt, Sven},
	month = dec,
	year = {2022},
	file = {Snapshot:/Users/svenburkhardt/Zotero/storage/4N6AT3TA/edit.html:text/html},
}

@misc{reuter_drk_2025,
	title = {{DRK} {Suchdienst} {\textbar} {Suche} per {Feldpostnummer}},
	copyright = {DRK},
	url = {https://vbl.drk-suchdienst.online/Feldpostnummer/FPN.aspx},
	urldate = {2025-03-12},
	journal = {DRK Suchdienst; Suche per Feldpostnummer},
	collaborator = {Reuter, Christian},
	year = {2025},
	file = {DRK Suchdienst | Suche per Feldpostnummer:/Users/svenburkhardt/Zotero/storage/YB8XBD6C/FPN.html:text/html},
}

@misc{hermans_forum_nodate,
	type = {Forum},
	title = {Forum {Geschichte} der {Wehrmacht}},
	url = {https://www.forum-der-wehrmacht.de/},
	language = {de},
	urldate = {2025-03-12},
	journal = {Forum Geschichte der Wehrmacht},
	collaborator = {Hermans, Dieter},
	file = {Snapshot:/Users/svenburkhardt/Zotero/storage/TNPQQBJ4/www.forum-der-wehrmacht.de.html:text/html},
}

@misc{altenburger_lexikon_nodate-1,
	title = {Lexikon der {Wehrmacht}},
	copyright = {Andreas Altenburger},
	url = {http://www.lexikonderwehrmacht.de/},
	language = {de},
	urldate = {2025-03-12},
	collaborator = {Altenburger, Andreas},
	file = {Lexikon der Wehrmacht:/Users/svenburkhardt/Zotero/storage/NKJUEMXV/www.lexikonderwehrmacht.de.html:text/html},
}

@misc{hollmann_freiburg_2025,
	title = {Freiburg},
	shorttitle = {Militärarchiv {Freiburg}},
	url = {https://www.bundesarchiv.de/das-bundesarchiv/standorte/freiburg/},
	abstract = {Freiburg - Das Bundesarchiv online: Ihre zentrale Anlaufstelle für historische Dokumente, digitale Sammlungen und Informationen zur deutschen Geschichte. Besuchen Sie uns!},
	language = {de-DE},
	urldate = {2025-03-12},
	journal = {Bundesarchiv Freiburg im Breisgau (Abteilung Militärarchiv)},
	author = {Hollmann, Prof. Dr. Michael},
	year = {2025},
	file = {Snapshot:/Users/svenburkhardt/Zotero/storage/M8D2XY8V/freiburg.html:text/html},
}

@misc{burkhardt_78th_2024,
	title = {78th {Sturm}-{Division} ({Wehrmacht})},
	url = {https://www.wikidata.org/wiki/Q125489568},
	abstract = {The 78th Infantry Division was established in 1939 for the Wehrmacht and served on both the Western and Eastern Fronts, including battles in France, Stalingrad, and during Operation Barbarossa.},
	language = {en},
	urldate = {2025-03-12},
	collaborator = {Burkhardt, Sven},
	month = apr,
	year = {2024},
	file = {Snapshot:/Users/svenburkhardt/Zotero/storage/9D8UAYJ6/Q125489568.html:text/html},
}

@misc{noauthor_scannen_nodate,
	title = {Scannen eines {Dokuments} oder {Bilds} in der {Vorschau} auf dem {Mac}},
	shorttitle = {Scannen eines {Dokuments} auf dem {Mac}},
	url = {https://support.apple.com/de-de/guide/preview/prvw28034/mac},
	abstract = {In der App „Vorschau“ auf deinem Mac kannst du ein Bild scannen, indem du „Ablage“ {\textgreater} „Aus Scanner importieren“ wählst.},
	language = {de},
	urldate = {2025-06-23},
	journal = {Apple Support},
	file = {Snapshot:/Users/svenburkhardt/Zotero/storage/4EDBVJZF/mac.html:text/html},
}

@misc{burkhardt_transkribus_2024,
	title = {Transkribus},
	url = {https://app.transkribus.eu},
	abstract = {AI-powered platform for text recognition and document analysis},
	urldate = {2025-06-25},
	journal = {Transkribus\_Model\_mmma},
	collaborator = {Burkhardt, Sven},
	month = nov,
	year = {2024},
	file = {Snapshot:/Users/svenburkhardt/Zotero/storage/VZ5KWTWW/287793.html:text/html},
}

@misc{gemeinde_murg_geschichte_nodate,
	title = {Geschichte {Gemeinde} {Murg}},
	url = {https://www.murg.de/seite/33378/geschichte.html},
	language = {deutsch},
	urldate = {2025-06-29},
	editor = {{Gemeinde Murg}},
}

@book{garoufallou_metadata_2020,
	address = {Madrid, Spain},
	series = {Communications in {Computer} and {Information} {Science}},
	title = {Metadata and {Semantic} {Research}. 14th {International} {Conference}, {MTSR} 2020, {Madrid}, {Spain}, {December} 2–4, 2020. {Revised} {Selected} {Papers}},
	volume = {1355},
	isbn = {978-3-030-71903-6},
	shorttitle = {Metadata and {Semantic} {Research}},
	url = {https://basel.swisscovery.org/discovery/openurl?institution=41SLSP_UBS&vid=41SLSP_UBS:live&doi=10.1007%2F978-3-030-71903-6_30},
	urldate = {2025-07-05},
	publisher = {Springer Nature Switzerland AG},
	editor = {Garoufallou, Emmanouel and Ovalle-Perandones, María-Antonia},
	month = dec,
	year = {2020},
}

@misc{smith_owl_2004,
	title = {{OWL} {Web} {Ontology} {Language} {Guide}},
	shorttitle = {{OWL} {Guide}},
	url = {https://www.w3.org/TR/owl-guide/},
	urldate = {2025-07-05},
	collaborator = {Smith, Michael K. and Welty, Chris and McGuiness, Deborah L.},
	month = feb,
	year = {2004},
	file = {OWL Web Ontology Language Guide:/Users/svenburkhardt/Zotero/storage/AJAS4JRD/owl-guide.html:text/html},
}

@article{vogel_wikidbs_2024,
	title = {{WikiDBs}: {A} {Large}-{Scale} {Corpus} of {Relational} {Databases} from {Wikidata}},
	volume = {Neural Information Processing Systems},
	url = {https://api.semanticscholar.org/CorpusID:276185304},
	abstract = {Deep learning on tabular data, and particularly tabular representation learning, has recently gained growing interest. However, representation learning for relational databases with multiple tables is still an underexplored area, which may be attributed to the lack of openly available resources. To support the development of foundation models for tabular data and relational databases, we introduce WikiDBs, a novel open-source corpus of 100,000 relational databases. Each database consists of multiple tables connected by foreign keys. The corpus is based on Wikidata and aims to follow certain characteristics of real-world databases. In this paper, we describe the dataset and our method for creating it. By making our code publicly available, we enable others to create tailored versions of the dataset, for example, by creating databases in different languages. Finally, we conduct a set of initial experiments to showcase how WikiDBs can be used to train for data engineering tasks, such as missing value imputation and column type annotation.},
	language = {en},
	urldate = {2025-07-05},
	author = {Vogel, Liane and Bodensohn, Jan-Micha and Binnig, Carsten},
	year = {2024},
	file = {PDF:/Users/svenburkhardt/Zotero/storage/V4HD9CPS/Vogel et al. - WikiDBs A Large-Scale Corpus of Relational Databases from Wikidata.pdf:application/pdf},
}

@article{martinez_comparative_nodate,
	title = {Comparative {Study} of {Tools} for the {Integration} of {Linked} {Open} {Data}: {Case} study with {Wikidata} {Proposal}},
	abstract = {The approach of this work is based on a comparative analysis of several tools used for the management of linked open data. To do this, different sections are shown, initially an introduction to the topic is presented, identifying the importance of open data for people, and showing how the results generated through them can benefit. In addition, special emphasis is placed on the need for tools that facilitate both their interaction and manipulation. A section is also shown with related works on this topic, identifying previous studies that evaluated similar tools. The objective is the presentation of a comparative analysis of tools on the study of a proposed data model, which is used to perform tests with five selected tools: 1) API, 2) SPARQL in Wikidata Query Service (WDQS), 3 ) Pywikibot and 4) OpenRefine with the Wikidata plugin. The main task is to identify, for each tool, the evaluation in terms of its ability to integrate and manage Linked Open Data, its ease of use, and its performance in executing specific tasks. Finally, the results obtained in the performance of the analyzed tools are shown, allowing us to know the strengths and weaknesses of each one concerning the proposed data model. On the other hand, the findings of the study are presented that suggest recommendations for the selection of the most appropriate tool according to the specific requirements needed in aspects of data integration in a project.},
	language = {en},
	author = {Martinez, Roxana and Metnik, Gonzalo Pereyra},
	file = {PDF:/Users/svenburkhardt/Zotero/storage/T8J3BE82/Martinez und Metnik - Comparative Study of Tools for the Integration of Linked Open Data Case study with Wikidata Proposa.pdf:application/pdf},
}

@misc{noauthor_geonames_nodate,
	title = {{GeoNames}},
	url = {https://www.geonames.org/},
	urldate = {2025-07-05},
	file = {GeoNames:/Users/svenburkhardt/Zotero/storage/42NAYP7T/www.geonames.org.html:text/html},
}

@misc{noauthor_wgs84_nodate,
	title = {{WGS84} {\textbar} {Landesamt} für {Geoinformation} und {Landesvermessung} {Niedersachsen}},
	url = {https://www.lgln.niedersachsen.de/startseite/wir_uber_uns/hilfe_support/lgln_lexikon/w/wgs84-190576.html},
	language = {Deutsch},
	urldate = {2025-07-05},
	journal = {Landesamt für Geoinformation und Landesvermessung Niedersachsen},
	file = {WGS84 | Landesamt für Geoinformation und Landesvermessung Niedersachsen:/Users/svenburkhardt/Zotero/storage/VLCV84P8/wgs84-190576.html:text/html},
}

@article{wilkinson_fair_2016,
	title = {The {FAIR} {Guiding} {Principles} for scientific data management and stewardship},
	volume = {3},
	copyright = {2016 The Author(s)},
	issn = {2052-4463},
	url = {https://www.nature.com/articles/sdata201618},
	doi = {10.1038/sdata.2016.18},
	abstract = {There is an urgent need to improve the infrastructure supporting the reuse of scholarly data. A diverse set of stakeholders—representing academia, industry, funding agencies, and scholarly publishers—have come together to design and jointly endorse a concise and measureable set of principles that we refer to as the FAIR Data Principles. The intent is that these may act as a guideline for those wishing to enhance the reusability of their data holdings. Distinct from peer initiatives that focus on the human scholar, the FAIR Principles put specific emphasis on enhancing the ability of machines to automatically find and use the data, in addition to supporting its reuse by individuals. This Comment is the first formal publication of the FAIR Principles, and includes the rationale behind them, and some exemplar implementations in the community.},
	language = {en},
	number = {1},
	urldate = {2025-07-05},
	journal = {Scientific Data},
	author = {Wilkinson, Mark D. and Dumontier, Michel and Aalbersberg, IJsbrand Jan and Appleton, Gabrielle and Axton, Myles and Baak, Arie and Blomberg, Niklas and Boiten, Jan-Willem and da Silva Santos, Luiz Bonino and Bourne, Philip E. and Bouwman, Jildau and Brookes, Anthony J. and Clark, Tim and Crosas, Mercè and Dillo, Ingrid and Dumon, Olivier and Edmunds, Scott and Evelo, Chris T. and Finkers, Richard and Gonzalez-Beltran, Alejandra and Gray, Alasdair J. G. and Groth, Paul and Goble, Carole and Grethe, Jeffrey S. and Heringa, Jaap and ’t Hoen, Peter A. C. and Hooft, Rob and Kuhn, Tobias and Kok, Ruben and Kok, Joost and Lusher, Scott J. and Martone, Maryann E. and Mons, Albert and Packer, Abel L. and Persson, Bengt and Rocca-Serra, Philippe and Roos, Marco and van Schaik, Rene and Sansone, Susanna-Assunta and Schultes, Erik and Sengstag, Thierry and Slater, Ted and Strawn, George and Swertz, Morris A. and Thompson, Mark and van der Lei, Johan and van Mulligen, Erik and Velterop, Jan and Waagmeester, Andra and Wittenburg, Peter and Wolstencroft, Katherine and Zhao, Jun and Mons, Barend},
	month = mar,
	year = {2016},
	note = {Publisher: Nature Publishing Group},
	keywords = {Publication characteristics, Research data},
	pages = {160018},
	file = {Full Text PDF:/Users/svenburkhardt/Zotero/storage/FQ9XHXDM/Wilkinson et al. - 2016 - The FAIR Guiding Principles for scientific data management and stewardship.pdf:application/pdf},
}

@misc{noauthor_wikidata_nodate,
	title = {Wikidata},
	url = {https://www.wikidata.org/wiki/Wikidata:Main_Page},
	urldate = {2025-07-05},
	file = {Wikidata:/Users/svenburkhardt/Zotero/storage/PE2QLCTE/WikidataMain_Page.html:text/html},
}

@misc{noauthor_msty_nodate,
	title = {Msty - {Using} {AI} {Models} made {Simple} and {Easy}},
	url = {https://msty.app/},
	abstract = {AI beyond just plain chat. Private, Offline, Split chats, Branching, Concurrent chats, Web Search, RAG, Prompts Library, Vapor Mode, and more. Perfect LM Studio, Jan AI, and Perplexity alternative. Use models from Open AI, Deepseek, Claude, Ollama, and HuggingFace in a unified interface.},
	urldate = {2025-07-06},
	file = {Snapshot:/Users/svenburkhardt/Zotero/storage/GAXZA4EF/msty.app.html:text/html},
}

@misc{noauthor_recognition_nodate,
	title = {Recognition and {Enrichment} of {Archival} {Documents} {\textbar} {READ} {\textbar} {Projekt} {\textbar} {Fact} {Sheet} {\textbar} {H2020}},
	url = {https://cordis.europa.eu/project/id/674943},
	abstract = {"The overall objective of READ is to implement a Virtual Research Environment where archivists, humanities scholars, computer scientists and volunteers are collaborating with the ultimate goal of boosting research, innovation, development and usage of cutting edge technology...},
	language = {en},
	urldate = {2025-07-06},
	journal = {CORDIS {\textbar} European Commission},
	file = {Snapshot:/Users/svenburkhardt/Zotero/storage/3X4DFIDM/674943.html:text/html},
}

@misc{muhlberger_transkribus_2019,
	address = {Zürich},
	title = {Transkribus {Eine} {Forschungsplattform} für die automatisierte {Digitalisierung}, {Erkennung} und {Suche} in historischen {Dokumenten}},
	shorttitle = {Einführung in {Transkribus}},
	url = {https://ethz.ch/content/dam/ethz/associates/ethlibrary-dam/documents/Aktuell/Veranstaltungen/17-15-Kolloquium/2019-04-29_17-15-Kolloquium_transkribus.pdf},
	language = {de},
	urldate = {2025-07-06},
	author = {Mühlberger, Günter},
	month = apr,
	year = {2019},
}

@article{capurro_experimenting_2023,
	title = {Experimenting with {Training} a {Neural} {Network} in {Transkribus} to {Recognise} {Text} in a {Multilingual} and {Multi}-{Authored} {Manuscript} {Collection}},
	volume = {6},
	copyright = {https://creativecommons.org/licenses/by/4.0/},
	issn = {2571-9408},
	url = {https://www.mdpi.com/2571-9408/6/12/392},
	doi = {10.3390/heritage6120392},
	abstract = {This work aims at developing an optimal strategy to automatically transcribe a large quantity of uncategorised, digitised archival documents when resources include handwritten text by multiple authors and in several languages. We present a comparative study to establish the efficiency of a single multilingual handwritten text recognition (HTR) model trained on multiple handwriting styles instead of using a separate model for every language. When successful, this approach allows us to automate the transcription of the archive, reducing manual annotation efforts and facilitating information retrieval. To train the model, we used the material from the personal archive of the Dutch glass artist Sybren Valkema (1916–1996), processing it with Transkribus.},
	language = {en},
	number = {12},
	urldate = {2025-07-06},
	journal = {Heritage},
	author = {Capurro, Carlotta and Provatorova, Vera and Kanoulas, Evangelos},
	month = nov,
	year = {2023},
	pages = {7482--7494},
	annote = {[TLDR] A comparative study is presented to establish the efficiency of a single multilingual handwritten text recognition (HTR) model trained on multiple handwriting styles instead of using a separate model for every language.},
	file = {Full Text PDF:/Users/svenburkhardt/Zotero/storage/KM3JEENP/Capurro et al. - 2023 - Experimenting with Training a Neural Network in Transkribus to Recognise Text in a Multilingual and.pdf:application/pdf},
}

@misc{decker_home_nodate,
	title = {Home {\textbar} {RISE} {\textbar} {Research} \& {Infrastructure} {Support} {\textbar} {Universität} {Basel}},
	copyright = {Universität Basel},
	url = {https://rise.unibas.ch/de/},
	urldate = {2025-07-06},
	journal = {Research \& Infrastructure Support},
	author = {Decker, Eric},
	file = {Home | RISE | Research & Infrastructure Support | Universität Basel:/Users/svenburkhardt/Zotero/storage/RSSCG4J3/de.html:text/html},
}

@misc{burkhardt_githubpdf_to_jpegpy_2025,
	address = {Basel},
	title = {github/{PDF}\_to\_JPEG.py},
	shorttitle = {{PDF}\_to\_JPEG.py},
	url = {https://github.com/Sveburk/masterarbeit/blob/main/3_MA_Project/Hilfs_Scripte/JPEG_to_PDF.py},
	abstract = {Contribute to Sveburk/masterarbeit development by creating an account on GitHub.},
	urldate = {2025-04-23},
	author = {Burkhardt, Sven},
	month = apr,
	year = {2025},
	file = {Snapshot:/Users/svenburkhardt/Zotero/storage/GFVIS8X2/Hilfs_Scripte.html:text/html},
}

@misc{burkhardt_githubakten_gesamtubersichtcsv_2025,
	title = {github/{Akten}\_Gesamtübersicht.csv},
	url = {https://github.com/Sveburk/masterarbeit/blob/main/3_MA_Project/Data/Akten_Gesamtübersicht.csv},
	abstract = {Contribute to Sveburk/masterarbeit development by creating an account on GitHub.},
	urldate = {2025-07-06},
	author = {Burkhardt, Sven},
	month = apr,
	year = {2025},
	file = {Snapshot:/Users/svenburkhardt/Zotero/storage/6ZE3IBQN/Hilfs_Scripte.html:text/html},
}
