
@book{gamper_knoten_2015,
	title = {Knoten und Kanten {III}: Soziale Netzwerkanalyse in Geschichts- und Politikforschung},
	rights = {De Gruyter expressly reserves the right to use all content for commercial text and data mining within the meaning of Section 44b of the German Copyright Act.},
	isbn = {978-3-8394-2742-2},
	url = {https://www.degruyter.com/document/doi/10.1515/9783839427422/html},
	shorttitle = {Knoten und Kanten {III}},
	abstract = {Soziale Beziehungen und die daraus entstehenden Netzwerke sind eine Konstante der Menschheitsgeschichte, die sozialen wie auch politischen Wandel ermöglicht. So ist der »Arabische Frühling« ohne die Berücksichtigung von Zusammenschlüssen sozialer Einheiten nicht vorstellbar. Die relationale Wissenschaft legt ihren Fokus auf solche Beziehungsstrukturen. »Knoten und Kanten {III}« zeigt theoretische und methodische Zugänge der Netzwerkanalyse in politischen sowie in historischen Forschungsfeldern. Die Beiträge beleuchten beispielsweise Anwendungen in der Altertumsforschung, neuzeitliche Gläubiger- und Schuldner-Beziehungen, Unterstützungsnetzwerke von Juden im Dritten Reich sowie interne Vernetzungen von Parteien und Koalitionen.},
	publisher = {transcript Verlag},
	author = {Gamper, Markus and Reschke, Linda},
	editor = {Düring, Martin},
	urldate = {2025-01-14},
	date = {2015-04-27},
	langid = {german},
	doi = {10.1515/9783839427422},
	keywords = {Ancient World, Biographic Research, Contemporary History, History, Policy Analysis, Political Sociology, Politics, Qualitative Social Research, Social Network Analysis, Social Relations, Society, Sociological Theory, Sociology},
	file = {Full Text PDF:/Users/svenburkhardt/Zotero/storage/3FLAS3W6/2015 - Knoten und Kanten III Soziale Netzwerkanalyse in Geschichts- und Politikforschung.pdf:application/pdf},
}
