
@online{altenburger_lagekarte_1944,
	title = {Lagekarte 78. Infanterie-Division},
	url = {https://www.lexikon-der-wehrmacht.de/Gliederungen/Korps/Karte/XXVII0344.jpg},
	editora = {Altenburger, Andreas},
	editoratype = {collaborator},
	urldate = {2023-01-15},
	date = {1944-03-01},
	file = {XXVII0344.jpg 2.365Ã—1.969 Pixel:/Users/svenburkhardt/Zotero/storage/IQ8I33IA/XXVII0344.jpg:image/jpeg},
}
